@unpublished{nuno_lau_2021, 
  place={Aveiro}, 
  title={Assignment 1: Markov Localization in the CiberRato simulation environment}, 
  author={Nuno Lau}, 
  year={2021}
 }

@book{thrun2005probabilistic,
  abstract = {Probablistic robotics is a growing area in the subject, concerned with perception and control in the face of uncertainty and giving robots a level of robustness in real-world situations. This book introduces techniques and algorithms in the field.},
  added-at = {2015-10-22T23:05:09.000+0200},
  address = {Cambridge, Mass.},
  author = {Thrun, Sebastian and Burgard, Wolfram and Fox, Dieter},
  biburl = {https://www.bibsonomy.org/bibtex/20036a214b3d6de590e4a46d136f9c264/stumme},
  description = {Probabilistic Robotics Intelligent Robotics and Autonomous Agents: Amazon.de: Sebastian Thrun, Wolfram Burgard, Dieter Fox: BÃ¼cher},
  interhash = {4a9ca1ce81d73897e53edfcb8d9c16b2},
  intrahash = {0036a214b3d6de590e4a46d136f9c264},
  isbn = {0262201623 9780262201629},
  keywords = {SLAM localisation mapping robot topoi},
  publisher = {MIT Press},
  refid = {58451645},
  timestamp = {2015-10-22T23:05:09.000+0200},
  title = {Probabilistic robotics},
  year = 2005
}

@Article{Hunter:2007,
  Author    = {Hunter, J. D.},
  Title     = {Matplotlib: A 2D graphics environment},
  Journal   = {Computing in Science \& Engineering},
  Volume    = {9},
  Number    = {3},
  Pages     = {90--95},
  abstract  = {Matplotlib is a 2D graphics package used for Python for
  application development, interactive scripting, and publication-quality
  image generation across user interfaces and operating systems.},
  publisher = {IEEE COMPUTER SOC},
  doi       = {10.1109/MCSE.2007.55},
  year      = 2007
}

@Article{         harris2020array,
 title         = {Array programming with {NumPy}},
 author        = {Charles R. Harris and K. Jarrod Millman and St{\'{e}}fan J.
                 van der Walt and Ralf Gommers and Pauli Virtanen and David
                 Cournapeau and Eric Wieser and Julian Taylor and Sebastian
                 Berg and Nathaniel J. Smith and Robert Kern and Matti Picus
                 and Stephan Hoyer and Marten H. van Kerkwijk and Matthew
                 Brett and Allan Haldane and Jaime Fern{\'{a}}ndez del
                 R{\'{i}}o and Mark Wiebe and Pearu Peterson and Pierre
                 G{\'{e}}rard-Marchant and Kevin Sheppard and Tyler Reddy and
                 Warren Weckesser and Hameer Abbasi and Christoph Gohlke and
                 Travis E. Oliphant},
 year          = {2020},
 month         = sep,
 journal       = {Nature},
 volume        = {585},
 number        = {7825},
 pages         = {357--362},
 doi           = {10.1038/s41586-020-2649-2},
 publisher     = {Springer Science and Business Media {LLC}},
 url           = {https://doi.org/10.1038/s41586-020-2649-2}
}


@misc{gad2021pygad,
      title={PyGAD: An Intuitive Genetic Algorithm Python Library},
      author={Ahmed Fawzy Gad},
      year={2021},
      eprint={2106.06158},
      archivePrefix={arXiv},
      primaryClass={cs.NE}
}

@article{stanley:ec02,
title={Evolving Neural Networks Through Augmenting Topologies},
author={Kenneth O. Stanley and Risto Miikkulainen},
volume={10},
journal={Evolutionary Computation},
number={2},
pages={99-127},
url="http://nn.cs.utexas.edu/?stanley:ec02",
year={2002}
}

@misc{neat_python,
    Title = {neat-python},
    Author = {Alan McIntyre and Matt Kallada and Cesar G. Miguel and Carolina Feher da Silva},
    howpublished = {\url{https://github.com/CodeReclaimers/neat-python}}   
  }
